% 基于舌、面、问诊数字信息的“云中医”移动健康管理平台的建立
@article{Zhang2018Study2,
  title={基于舌、面、问诊数字信息的“云中医”移动健康管理平台的建立(Study of Yunzhongyi Mobile Health Management Platform Based on Tongue,Face and Asking Diagnosis Information)},
  author={Zhang, Hongkai and Yangyang, H. U. and Zhang, Weifei and Cheng, Jinhua and LIXue and Sun, Zhumei and Zhang, Wenqiang and Zhang, Lei and Fufeng, L. I.},
  journal={Chinese Journal of Traditional Medical Science & Technology},
  year={2018},
}

@article{Zhang2018Study,
  title={基于舌、面、问诊数字信息的“云中医”移动健康管理平台的建立(Study of Yunzhongyi Mobile Health Management Platform Based on Tongue,Face and Asking Diagnosis Information)},
  author={张红凯 and 胡洋洋 and 张伟妃 and 程金花 and 李雪 and 孙祝美 and 张文强 and 张磊 and 李福凤},
  journal={中国中医药科技},
  number={2},
  year={2018},
}
% 替换
@inproceedings{Hu2016Robust,
  title={Robust Lip Segmentation Based on Complexion Mixture Model},
  author={Hu, Yangyang and Lu, Hong and Cheng, Jinhua and Zhang, Wenqiang and Li, Fufeng and Zhang, Weifei},
  booktitle={Pacific-Rim Conference on Advances in Multimedia Information Processing},
  pages={85-94},
  year={2016},
}

@article{Qiu2015Adaptive,
  title={基于肤色和唇色的自适应面部皮肤区域提取研究(Adaptive Facial Skin Region Extraction Based on Lip Color and Complexion)},
  author={邱晓欣 and 张文强},
  journal={微型电脑应用},
  volume={31},
  number={8},
  pages={1-3},
  year={2015},
}
% 替换
@article{Qiu2015Adaptive2,
  title={基于肤色和唇色的自适应面部皮肤区域提取研究(Adaptive Facial Skin Region Extraction Based on Lip Color and Complexion)},
  author={Qiu, Xiaoxin and Zhang, Wenqiang and Computer, School Of and University, Fudan},
  journal={Microcomputer Applications},
  year={2015},
}

% 面诊理论
@inproceedings{Wang2014Study,
  title={中医五脏病的面诊特征研究(Study on Face Shape of Patients with Five-Zang Organs Diseases)},
  author={张红凯 and 李福凤},
  booktitle={中华中医药学会中医诊断学分会第十五次中医诊断学术年会},
  year={2014},
}
% 替换
@article{Wang2014Study2,
  title={中医五脏病的面诊特征研究(Study on Face Shape of Patients with Five-Zang Organs Diseases)},
  author={Wang, Zhi and Zhang, Hongkai and Jin, Y. E. and Yao, Yiqing and Wang, Yi and Fufeng, L. I.},
  journal={Chinese Archives of Traditional Chinese Medicine},
  year={2014},
}

% 这个没找到英文的
@inproceedings{张红凯2014中医面诊图谱颜色、光泽、唇色参数范围研究,
  title={中医面诊图谱颜色、光泽、唇色参数范围研究(Research on Parameters of Facial CompIexion, Gloss and Lip Color in CM)},
  author={张红凯 and 李福凤 and 郑晓燕 and 钱鹏 and 王忆勤 and 燕海霞 and 叶进 and 何建成 and 庄燕鸿},
  booktitle={世界中医药学会联合会中医诊断学专业委员会成立大会暨学术年会},
  year={2014},
}

@article{张红凯2015中医面诊信息采集与识别方法研究进展,
  title={中医面诊信息采集与识别方法研究进展(Research Progress on Traditional Chinese Medicine Facial Diagnosis Information Acquisition and Recognition)},
  author={张红凯 and 李福凤},
  journal={世界科学技术-中医药现代化},
  number={2},
  pages={400-404},
  year={2015},
}
% 替换
@article{Zhang2015Research2,
  title={中医眼神理论及现代研究技术概述(Research Progress on Traditional Chinese Medicine Facial Diagnosis Information Acquisition and Recognition},
  author={Zhang, Hongkai and Li, Fufeng},
  year={2015},
}

@article{Zhang2015Research,
  title={中医眼神理论及现代研究技术概述(TCM Eyes Expressions Theory and Modern Research Techonolgy)},
  author={王祉 and 李福凤},
  journal={中华中医药学刊},
  number={5},
  pages={1119-1121},
  year={2013},
}
% 替换
@article{Wang2013TCM,
  title={TCM Eyes Expressions Theory and Modern Research Techonolgy},
  author={Wang, Zhi and Fufeng, L. I.},
  journal={Chinese Archives of Traditional Chinese Medicine},
  year={2013},
}
@inproceedings{Liu2014Computerized,
  title={Computerized color analysis for facial diagnosis in traditional Chinese medicine},
  author={Liu, Chang and Zhao, Changbo and Li, Guozheng and Li, Fufeng and Wang, Zhi},
  booktitle={IEEE International Conference on Bioinformatics and Biomedicine},
  pages={613-614},
  year={2014},
}

@article{Wang2004An,
  title={An Image Analysis System for Tongue Diagnosis in Traditional Chinese Medicine},
  author={Wang, Yonggang and Zhou, Yue and Yang, Jie and Xu, Qing},
  volume={3314},
  pages={1181-1186},
  year={2004},
}

@article{Shu2007Developing,
  title={Developing classification indices for Chinese pulse diagnosis.},
  author={Shu, J. J. and Sun, Y.},
  journal={Complementary Therapies in Medicine},
  volume={15},
  number={3},
  pages={190-198},
  year={2007},
}

@article{Zhao2014Qualitative,
  title={Qualitative and quantitative analysis for facial complexion in traditional Chinese medicine.},
  author={Zhao, C. and Li, G. Z. and Li, F. and Wang, Z. and Liu, C.},
  journal={Biomed Research International},
  volume={2014},
  number={3},
  pages={207589},
  year={2014},
}

@article{Wang2016Detecting,
  title={Detecting Visually Observable Disease Symptoms from Faces},
  author={Wang, Kuan and Luo, Jiebo},
  journal={Eurasip Journal on Bioinformatics & Systems Biology},
  volume={2016},
  number={1},
  pages={13},
  year={2016},
}

%FR in hci, review提到这个太旧
@article{cowie2001emotion,
  title={Emotion recognition in human-computer interaction},
  author={Cowie, Roddy and Douglas-Cowie, Ellen and Tsapatsoulis, Nicolas and Votsis, George and Kollias, Stefanos and Fellenz, Winfried and Taylor, John G},
  journal={IEEE Signal processing magazine},
  volume={18},
  number={1},
  pages={32--80},
  year={2001},
  publisher={Citeseer}
}

@article{corneanu2016survey,
  title={Survey on rgb, 3d, thermal, and multimodal approaches for facial expression recognition: History, trends, and affect-related applications},
  author={Corneanu, Ciprian Adrian and Sim{\'o}n, Marc Oliu and Cohn, Jeffrey F and Guerrero, Sergio Escalera},
  journal={IEEE transactions on pattern analysis and machine intelligence},
  volume={38},
  number={8},
  pages={1548--1568},
  year={2016},
  publisher={IEEE}
}

% 中医介绍

@article{cheung2011tcm:,
title={TCM: Made in China},
author={Cheung, Felix},
journal={Nature},
volume={480},
number={7378},
year={2011}}

@article{guo2015analysis,
title={Analysis and Recognition of Traditional Chinese Medicine Pulse Based on the Hilbert-Huang Transform and Random Forest in Patients with Coronary Heart Disease},
author={Rui Guo et al.},
journal={Evidence-based Complementary and Alternative Medicine},
volume={2015},
pages={895749--895749},
year={2015}}

@article{anastasi2014tongue,
title={Tongue Inspection in TCM: Observations in a Study Sample of Patients Living with HIV},
author={Joyce K Anastasi et al.},
journal={Medical Acupuncture},
volume={26},
number={1},
pages={15--22},
year={2014}}

@article{Zhou2010Construction,
  title={Construction and application of eight principal syndrome differentiation knowledge base of tongue diagnosis based on ANN},
  author={Zhou, Jin Haia and Yang, Taoa and Shen, Da Qinga and Wang, Xu Dongb},
  journal={Application Research of Computers},
  volume={01},
  number={2},
  pages={110-113},
  year={2010},
}

@article{Qi2002Status,
  title={Status and Prospect of Constitutional Theory in Traditional Chinese Medicine},
  author={Qi, Wang},
  journal={China Journal of Basic Medicine in Traditional Chinese Medicine},
  year={2002},
}

% self-tracking
@article{cox2013digital,
  title={Digital Epiphanies: how self-knowledge can change habits and our attitudes towards them},
  author={Cox, Anna L and Bird, Jon and Fleck, Rowanne},
  year={2013}
}
@inproceedings{epstein2015lived,
  title={A lived informatics model of personal informatics},
  author={Epstein, Daniel A and Ping, An and Fogarty, James and Munson, Sean A},
  booktitle={Proceedings of the 2015 ACM International Joint Conference on Pervasive and Ubiquitous Computing},
  pages={731--742},
  year={2015},
  organization={ACM}
}
@inproceedings{lazar2015we,
  title={Why we use and abandon smart devices},
  author={Lazar, Amanda and Koehler, Christian and Tanenbaum, Joshua and Nguyen, David H},
  booktitle={Proceedings of the 2015 ACM International Joint Conference on Pervasive and Ubiquitous Computing},
  pages={635--646},
  year={2015},
  organization={ACM}
}
@inproceedings{lee2014lessons,
  title={Lessons learned from an initial effort to bring a quantified self meetup experience to a new demographic},
  author={Lee, Victor R and Briggs, Mary},
  booktitle={Proceedings of the 2014 ACM International Joint Conference on Pervasive and Ubiquitous Computing: Adjunct Publication},
  pages={707--710},
  year={2014},
  organization={ACM}
}
@inproceedings{meyer2015making,
  title={Making lifelogging usable: Design guidelines for activity trackers},
  author={Meyer, Jochen and Fortmann, Jutta and Wasmann, Merlin and Heuten, Wilko},
  booktitle={International Conference on Multimedia Modeling},
  pages={323--334},
  year={2015},
  organization={Springer}
}
@inproceedings{maitland2010self,
  title={Self-monitoring, self-awareness, and self-determination in cardiac rehabilitation},
  author={Maitland, Julie and Chalmers, Matthew},
  booktitle={Proceedings of the SIGCHI conference on human factors in computing systems},
  pages={1213--1222},
  year={2010},
  organization={ACM}
}


@article{Rettberg2016,
title={Seeing ourselves through technology: How we use selﬁes, blogs and wearable devices to see and shape ourselves},
author={Jill W Rettberg},
journal={Springer},
year={2016}}

@article{lupton2017self-tracking,
title={Self-tracking, health and medicine},
author={Lupton, Deborah},
journal={Health Sociology Review},
volume={26},
number={1},
pages={1--5},
year={2017}}

@article{Fox2013,
title={Tracking for health},
author={Fox,Susannah and Duggan,Maeve},
journal={Pew Research Center’s Internet & American Life Project},
year={2013}}

@article{bravata2007using,
title={Using Pedometers to Increase Physical Activity and Improve Health: A Systematic Review},
author={Dena M Bravata et al.},
journal={JAMA},
volume={298},
number={19},
pages={2296--2304},
year={2007}}

@article{macleod2013personal,
title={Personal informatics in chronic illness management},
author={Macleod, Haley and Tang, Anthony and Carpendale, Sheelagh},
pages={149--156},
year={2013}}

@article{Mynatt2010,
title={Understanding the potential of ubiquitous computing for chronic disease management},
author={Elizabeth D Mynatt et al.},
journal={Health Informatics},
pages={85--106},
year={2010}}

@article{cordeiro2015barriers,
title={Barriers and Negative Nudges: Exploring Challenges in Food Journaling},
author={Felicia Cordeiro et al.},
volume={2015},
pages={1159--1162},
year={2015}}

@article{lin2006fish,
title={Fish'n'Steps: encouraging physical activity with an interactive computer game},
author={James Jengweei Lin et al.},
journal={ubiquitous computing},
pages={261--278},
year={2006}}    

@article{miller2014stepstream,
title={StepStream: a school-based pervasive social fitness system for everyday adolescent health},
author={Miller, Andrew D and Mynatt, Elizabeth D},
pages={2823--2832},
year={2014}}

@article{gronvall2013beyond,
title={Beyond self-monitoring: understanding non-functional aspects of home-based healthcare technology},
author={Gronvall, Erik and Verdezoto, Nervo},
pages={587--596},
year={2013}}

@article{logan2007mobile,
title={Mobile phone-based remote patient monitoring system for management of hypertension in diabetic patients.},
author={Alexander G Logan et al.},
journal={American Journal of Hypertension},
volume={20},
number={9},
pages={942--948},
year={2007}}    

@article{walters2010a,
title={A mobile phone-based care model for outpatient cardiac rehabilitation: the care assessment platform (CAP)},
author={Darren L Walters et al.},
journal={BMC Cardiovascular Disorders},
volume={10},
number={1},
pages={5--5},
year={2010}}

@article{mazilu2014gaitassist:,
title={GaitAssist: a daily-life support and training system for parkinson's disease patients with freezing of gait},
author={Sinziana Mazilu et al.},
pages={2531--2540},
year={2014}}
% 9-17
% 1
@inproceedings{nunes2018understanding,
  title={Understanding the Mundane Nature of Self-care: Ethnographic Accounts of People Living with Parkinson's},
  author={Nunes, Francisco and Fitzpatrick, Geraldine},
  booktitle={Proceedings of the 2018 CHI Conference on Human Factors in Computing Systems},
  pages={402},
  year={2018},
  organization={ACM}
}
% 2
@inproceedings{mamykina2008mahi,
  title={MAHI: investigation of social scaffolding for reflective thinking in diabetes management},
  author={Mamykina, Lena and Mynatt, Elizabeth and Davidson, Patricia and Greenblatt, Daniel},
  booktitle={Proceedings of the SIGCHI Conference on Human Factors in Computing Systems},
  pages={477--486},
  year={2008},
  organization={ACM}
}
% 3
@inproceedings{yasuda2009remote,
  title={Remote reminiscence talking and scheduling prompter for individuals with dementia using video phone},
  author={Yasuda, Kiyoshi and Kuwahara, Noriaki and Morimoto, Kazunari},
  booktitle={International Conference on Universal Access in Human-Computer Interaction},
  pages={429--438},
  year={2009},
  organization={Springer}
}
% 4
@inproceedings{ayobi2017quantifying,
  title={Quantifying the body and caring for the mind: self-tracking in multiple sclerosis},
  author={Ayobi, Amid and Marshall, Paul and Cox, Anna L and Chen, Yunan},
  booktitle={Proceedings of the 2017 CHI Conference on Human Factors in Computing Systems},
  pages={6889--6901},
  year={2017},
  organization={ACM}
}
% 5
@inproceedings{berry2017values,
  title={How values shape collaboration between patients with multiple chronic conditions and spousal caregivers},
  author={Berry, Andrew BL and Lim, Catherine and Hartzler, Andrea L and Hirsch, Tad and Wagner, Edward H and Ludman, Evette and Ralston, James D},
  booktitle={Proceedings of the 2017 CHI Conference on Human Factors in Computing Systems},
  pages={5257--5270},
  year={2017},
  organization={ACM}
}
% 6
@article{nunes2015self-care,
title={Self-Care Technologies in HCI: Trends, Tensions, and Opportunities},
author={Francisco Nunes et al.},
journal={ACM Transactions on Computer-Human Interaction},
volume={22},
number={6},
pages={33},
year={2015}}
% 7
@inproceedings{kay2012lullaby,
  title={Lullaby: a capture \& access system for understanding the sleep environment},
  author={Kay, Matthew and Choe, Eun Kyoung and Shepherd, Jesse and Greenstein, Benjamin and Watson, Nathaniel and Consolvo, Sunny and Kientz, Julie A},
  booktitle={Proceedings of the 2012 ACM conference on ubiquitous computing},
  pages={226--234},
  year={2012},
  organization={ACM}
}
% 8
@inproceedings{purpura2011fit4life,
  title={Fit4life: the design of a persuasive technology promoting healthy behavior and ideal weight},
  author={Purpura, Stephen and Schwanda, Victoria and Williams, Kaiton and Stubler, William and Sengers, Phoebe},
  booktitle={Proceedings of the SIGCHI Conference on Human Factors in Computing Systems},
  pages={423--432},
  year={2011},
  organization={ACM}
}
%


@article{holtz2009managing,
title={Managing asthma with mobile phones: a feasibility study.},
author={Holtz, Bree and Whitten, Pamela},
journal={Telemedicine Journal and E-health},
volume={15},
number={9},
pages={907--909},
year={2009}}



@article{mamykina2008mahi:,
title={MAHI: investigation of social scaffolding for reflective thinking in diabetes management},
author={Lena Mamykina et al.},
pages={477--486},
year={2008}}
    
@article{okane2015concealing,
title={Concealing or Revealing Mobile Medical Devices?: Designing for Onstage and Offstage Presentation},
author={Okane, Aisling Ann and Rogers, Yvonne and Blandford, Ann},
pages={1689--1698},
year={2015}}   

@article{bardram2013designing,
title={Designing mobile health technology for bipolar disorder: a field trial of the monarca system},
author={Jakob E Bardram et al.},
pages={2627--2636},
year={2013}}

% facial recognition
@article{Zhang2016Joint,
  title={Joint Face Detection and Alignment Using Multitask Cascaded Convolutional Networks},
  author={Zhang, Kaipeng and Zhang, Zhanpeng and Li, Zhifeng and Qiao, Yu},
  journal={IEEE Signal Processing Letters},
  volume={23},
  number={10},
  pages={1499-1503},
  year={2016},
}
@article{Schroff2015FaceNet,
  title={FaceNet: A unified embedding for face recognition and clustering},
  author={Schroff, Florian and Kalenichenko, Dmitry and Philbin, James},
  pages={815-823},
  year={2015},
}

% fortune 
@article{Tempark2012Chinese,
  title={Chinese fortune-telling based on face and body mole positions: a hidden agenda regarding mole removal},
  author={Tempark, T and Shwayder, T},
  journal={Archives of Dermatology},
  volume={148},
  number={6},
  pages={772},
  year={2012},
}

@inproceedings{Li2007Online,
  title={Online fortune telling system using biometrics feature},
  author={Li, Fang and Leung, Maylor K. H. and Khanna, Namisha and Satija, Purva},
  booktitle={IEEE International Conference on Systems, Man and Cybernetics},
  pages={4002-4007},
  year={2007},
}


@book{Qiu2014A,
  title={A Low-Cost Approach to Face Behavior for Mental Work},
  author={Qiu, Jing and Lu, Jun and Pan, Youyuan and Helbig, Rolf},
  pages={218-227},
  year={2014},
}

@inproceedings{sako2018developing,
  title={Developing Face Emotion Tracker for Quantitative Evaluation of Care Effects},
  author={Sako, Arashi and Saiki, Sachio and Nakamura, Masahide and Yasuda, Kiyoshi},
  booktitle={International Conference on Digital Human Modeling and Applications in Health, Safety, Ergonomics and Risk Management},
  pages={513--526},
  year={2018},
  organization={Springer}
}

@article{Hollis2015Change,
  title={Change of Heart: Emotion Tracking to Promote Behavior Change},
  author={Hollis, Victoria and Konrad, Artie and Whittaker, Steve},
  pages={2643-2652},
  year={2015},
}

@article{Kleisner2014Perceived,
  title={Perceived Intelligence Is Associated with Measured Intelligence in Men but Not Women},
  author={Kleisner, K and Chvátalová, V and Flegr, J},
  journal={Plos One},
  volume={9},
  number={3},
  pages={e81237},
  year={2014},
}

@article{Li2008Therapeutic,
  title={Therapeutic effect of traditional Chinese medicine on coagulation disorder and accompanying intractable jaundice in hepatitis B virus-related liver cirrhosis patients},
  author={Li, Y. M. and Yang, H. Z. and Guan, W. B. and Ke, Q. S. and Dai, M. and Xie, H. P. and Zhang, S. J.},
  journal={World Journal of Gastroenterology},
  volume={14},
  number={39},
  pages={6060-6064},
  year={2008},
}

@article{nwosu2016mobile,
title={MOBILE FACIAL RECOGNITION SYSTEM FOR PATIENT IDENTIFICATION IN MEDICAL EMERGENCIES FOR DEVELOPING ECONOMIES},
author={Nwosu, Kingsley C.},
journal={Journal for the Advancement of Developing Economies},
volume={5},
number={1},
pages={10},
year={2016}}

@article{lyons2006hci,
title={HCI and the face},
author={Lyons, Michael J and Bartneck, Christoph},
pages={1671--1674},
year={2006}}

@inproceedings{Owayjan2013Face,
  title={Face Recognition Security System},
  author={Owayjan, Michel and Dergham, Amer and Haber, Gerges and Fakih, Nidal and Hamoush, Ahmad and Abdo, Elie},
  booktitle={International Joint Conferences on Computer, Information, and Systems Sciences, and Engineering},
  year={2013},
}

@inproceedings{Tsujita2011Smiling,
  title={Smiling makes us happier:enhancing positive mood and communication with smile-encouraging digital appliances},
  author={Tsujita, Hitomi and Rekimoto, Jun},
  booktitle={International Conference on Ubiquitous Computing},
  pages={1-10},
  year={2011},
}

@article{williamarticle,
author = {James, William},
year = {1923},
month = {01},
pages = {},
title = {The Principles of Psychology},
volume = {2 vols},
journal = {The American Journal of Psychology},
doi = {10.2307/1423324}
}

% https://www.retaildive.com/ex/ mobilecommercedaily/ sephora-tries-on-augmented-reality-update -for-real-time-facial-recognition
@misc{Sephora,
  author = {Brielle Jaekel},
  title = {Sephora boosts augmented reality shopping with real-time facial recognition},
  howpublished = "\url{http://t.cn/EGjuPZK}",
  note = "[Last accessed: August 29, 2018]"
}

@article{Ben2002A,
  title={A Life Course Approach to Chronic Disease Epidemiology: Conceptual Models, Empirical Challenges and Interdisciplinary Perspectives},
  author={Ben-Shlomo, Yoav and Kuh, Diana},
  journal={International Journal of Epidemiology},
  volume={31},
  number={2},
  pages={285-293},
  year={2002},
}

@incollection{kaye2006overview,
  title={Overview of healthcare, disease, and disability},
  author={Kaye, Jeffrey and Zitzelberger, Tracy},
  booktitle={Pervasive computing in healthcare},
  pages={29--46},
  year={2006},
  publisher={CRC Press}
}

@article{OlshanskyDEMOGRAPHY,
  title={DEMOGRAPHY: Prospects for Human Longevity},
  author={Olshansky and S. J.},
  journal={Science},
  volume={291},
  number={5508},
  pages={1491-1492},
}

%technology probe
@inproceedings{Hutchinson2003Technology,
  title={Technology probes: inspiring design for and with families},
  author={Hutchinson, Hilary and Mackay, Wendy and Bo, Westerlund and Bederson, Benjamin B. and Druin, Allison and Plaisant, Catherine and Beaudouin-Lafon, Michel and Evans, Helen and Hansen, Heiko and Roussel, Nicolas},
  booktitle={Sigchi Conference on Human Factors in Computing Systems},
  pages={17-24},
  year={2003},
}

@article{Gaver1999Design,
  title={Design: Cultural probes},
  author={Gaver and Bill and Dunne and Tony and Pacenti and Elena},
  journal={Interactions},
  volume={6},
  number={1},
  pages={21-29},
  year={1999},
}

@article{Browne2001Designing,
  title={Designing an Interactive Message Board as a Technology Probe for Family Communication},
  author={Browne, Hilary and Bederson, Benjamin B. and Plaisant, Catherine and Druin, Allison},
  year={2001},
}

@article{Hutchinson2002Case,
  title={Case Study: A Message Board as a Technology Probe for Family Communication and Coordination},
  author={Hutchinson, H. and Plaisant, C. and Druin, A.},
  year={2002},
}

@inproceedings{Langdale2006Using,
  title={Using an intergenerational communications system as a 'light-weight' technology probe},
  author={Langdale, Geoff and Kay, Judy and Kummerfeld, Bob},
  booktitle={Extended Abstracts Proceedings of the 2006 Conference on Human Factors in Computing Systems, CHI 2006, Montréal, Québec, Canada, April},
  pages={1001-1006},
  year={2006},
}

@inproceedings{Odom2014Designing,
  title={Designing for slowness, anticipation and re-visitation:a long term field study of the photobox},
  author={Odom, William T. and Sellen, Abigail J. and Banks, Richard and Kirk, David S. and Regan, Tim and Selby, Mark and Forlizzi, Jodi L. and Zimmerman, John},
  booktitle={ACM Conference on Human Factors in Computing Systems},
  pages={1961-1970},
  year={2014},
}

@article{Pantazi2008Probe,
  title={Probe-based ultrahigh-density storage technology},
  author={Pantazi, A. and Sebastian, A. and Antonakopoulos, T. A. and Bächtold, P.},
  journal={Ibm Journal of Research & Development},
  volume={52},
  number={4.5},
  pages={493-511},
  year={2008},
}


%everyday health care
@inproceedings{Stinne2008Healthcare,
  title={Healthcare in everyday life:designing healthcare services for daily life},
  author={Stinne Aal&#248;kke Ballegaard and Hansen, Thomas Riisgaard and Kyng, Morten},
  booktitle={Conference on Human Factors in Computing Systems, CHI 2008, 2008, Florence, Italy, April},
  pages={1807-1816},
  year={2008},
}

@inproceedings{andreu2015mirror,
  title={Mirror mirror on the wall… An intelligent multisensory mirror for well-being self-assessment},
  author={Andreu-Cabedo, Yasmina and Castellano, Pedro and Colantonio, Sara and Coppini, Giuseppe and Favilla, Riccardo and Germanese, Danila and Giannakakis, Giorgos and Giorgi, Daniela and Larsson, Marcus and Marraccini, Paolo and others},
  booktitle={Multimedia and Expo (ICME), 2015 IEEE International Conference on},
  pages={1--6},
  year={2015},
  organization={IEEE}
}

@inproceedings{coppini2017user,
  title={User acceptance of self-monitoring technology to prevent cardio-metabolic diseases: The Wize Mirror},
  author={Coppini, Giuseppe and Zuccaia, Veronica Chiara and De Mari{\`a}, Renata and Nazare, Julie-Anne and Morales, Maria Aurora and Colantonio, Sara},
  booktitle={Wireless and Mobile Computing, Networking and Communications (WiMob),},
  pages={265--271},
  year={2017},
  organization={IEEE}
}

@book{Inagawa2013A,
  title={A Support System for Healthy Eating Habits: Optimization of Recipe Retrieval},
  author={Inagawa, Yuma and Hakamta, Junki and Tokumaru, Masataka},
  publisher={Springer Berlin Heidelberg},
  pages={168-172},
  year={2013},
}

@article{Hossain2015Cloud,
  title={Cloud-Assisted Speech and Face Recognition Framework for Health Monitoring},
  author={Hossain, M. Shamim and Muhammad, Ghulam},
  journal={Mobile Networks & Applications},
  volume={20},
  number={3},
  pages={391-399},
  year={2015},
}

%selfie
@article{Meese2015Selfies,
  title={Selfies| Selfies at Funerals: Mourning and Presencing on Social Media Platforms},
  author={Meese, James and Gibbs, Martin and Carter, Marcus and Arnold, Michael and Nansen, Bjorn and Kohn, Tamara},
  journal={International Journal of Communication},
  volume={9},
  number={1},
  pages={14},
  year={2015},
}
% https://www.psychologytoday.com/us/blog/evolution-the-self/201509/what-does-it-mean-when-we-stick-our-tongues-out
@misc{Tongue,
  author = {Leon F Seltzer},
  title = {What Does It Mean When We Stick Our Tongues Out?},
  howpublished = "\url{http://t.cn/EGjudme}",
  note = "[Last accessed: August 31, 2018]"
}

%health literacy
@article{Institute2004Health,
  title={Health Literacy: A Prescription to End Confusion},
  author={Institute of Medicine (US) Committee on Health Literacy and Nielsen-Bohlman, L and Panzer, A. M. and Kindig, D. A.},
  journal={National Academies Press},
  volume={15},
  number={4},
  pages={389-395},
  year={2004},
}

%teens and parents
@article{Radovic2014Primary,
  title={Primary care providers' beliefs about teen and parent barriers to depression care.},
  author={Radovic, A and Farris, C and Reynolds, K and Reis, E. C. and Miller, E and Stein, B. D.},
  journal={Journal of Developmental & Behavioral Pediatrics Jdbp},
  volume={35},
  number={8},
  pages={534-8},
  year={2014},
}

%negative emotion
@article{Toscos2013Designing,
  title={Designing for Positive Health Affect: Decoupling Negative Emotion and Health Monitoring Technologies},
  author={Toscos, Tammy and Connelly, Kay},
  pages={153-160},
  year={2013},
}

%technology abandonment
@inproceedings{Clawson2015No,
  title={No longer wearing:investigating the abandonment of personal health-tracking technologies on craigslist},
  author={Clawson, James and Pater, Jessica A. and Miller, Andrew D. and Mynatt, Elizabeth D. and Mamykina, Lena},
  booktitle={ACM International Joint Conference on Pervasive and Ubiquitous Computing},
  pages={647-658},
  year={2015},
}

@article{Epstein2016Beyond,
  title={Beyond Abandonment to Next Steps:Understanding and Designing for Life after Personal Informatics Tool Use},
  author={Epstein, Daniel A. and Caraway, Monica and Johnston, Chuck and Ping, An and Fogarty, James and Munson, Sean A.},
  volume={2016},
  pages={1109-1113},
  year={2016},
}


%observation
@article{Clifford2006Shortliffe,
  title={Shortliffe Edward H, Cimino James J: "Biomedical Informatics; Computer Applications in Health Care and Biomedicine"},
  author={Clifford, Gari D},
  journal={Biomedical Engineering Online},
  volume={5},
  number={1},
  pages={61-61},
  year={2006},
}

@article{papi2015knee,
  title={A knee monitoring device and the preferences of patients living with osteoarthritis: a qualitative study},
  author={Papi, Enrica and Belsi, Athina and McGregor, Alison H},
  journal={BMJ open},
  volume={5},
  number={9},
  pages={e007980},
  year={2015},
  publisher={British Medical Journal Publishing Group}
}

@inproceedings{singh2017supporting,
  title={Supporting everyday function in chronic pain using wearable technology},
  author={Singh, Aneesha and Bianchi-Berthouze, Nadia and Williams, Amanda CdeC},
  
  
  
  
  booktitle={Proceedings of the 2017 CHI Conference on Human Factors in Computing Systems},
  pages={3903--3915},
  year={2017},
  organization={ACM}
}

@inproceedings{Abdul:2018:TTE:3173574.3174156,
 author = {Abdul, Ashraf and Vermeulen, Jo and Wang, Danding and Lim, Brian Y. and Kankanhalli, Mohan},
 title = {Trends and Trajectories for Explainable, Accountable and Intelligible Systems: An HCI Research Agenda},
 booktitle = {Proceedings of the 2018 CHI Conference on Human Factors in Computing Systems},
 series = {CHI '18},
 year = {2018},
 isbn = {978-1-4503-5620-6},
 location = {Montreal QC, Canada},
 pages = {582:1--582:18},
 articleno = {582},
 numpages = {18},
 url = {http://doi.acm.org/10.1145/3173574.3174156},
 doi = {10.1145/3173574.3174156},
 acmid = {3174156},
 publisher = {ACM},
 address = {New York, NY, USA},
 keywords = {explainable artificial intelli-gence, explanations, intelligibility, interpretable machine learning},
} 

@inproceedings{Warshaw:2015:AKR:2702123.2702274,
 author = {Warshaw, Jeffrey and Matthews, Tara and Whittaker, Steve and Kau, Chris and Bengualid, Mateo and Smith, Barton A.},
 title = {Can an Algorithm Know the "Real You"?: Understanding People's Reactions to Hyper-personal Analytics Systems},
 booktitle = {Proceedings of the 33rd Annual ACM Conference on Human Factors in Computing Systems},
 series = {CHI '15},
 year = {2015},
 isbn = {978-1-4503-3145-6},
 location = {Seoul, Republic of Korea},
 pages = {797--806},
 numpages = {10},
 url = {http://doi.acm.org/10.1145/2702123.2702274},
 doi = {10.1145/2702123.2702274},
 acmid = {2702274},
 publisher = {ACM},
 address = {New York, NY, USA},
 keywords = {hyper-personal analytics, personality, privacy, self-presentation, social media, user study, values},
} 

@inproceedings{Verame:2016:EDS:2858036.2858369,
 author = {Verame, Jhim Kiel M. and Costanza, Enrico and Ramchurn, Sarvapali D.},
 title = {The Effect of Displaying System Confidence Information on the Usage of Autonomous Systems for Non-specialist Applications: A Lab Study},
 booktitle = {Proceedings of the 2016 CHI Conference on Human Factors in Computing Systems},
 series = {CHI '16},
 year = {2016},
 isbn = {978-1-4503-3362-7},
 location = {San Jose, California, USA},
 pages = {4908--4920},
 numpages = {13},
 url = {http://doi.acm.org/10.1145/2858036.2858369},
 doi = {10.1145/2858036.2858369},
 acmid = {2858369},
 publisher = {ACM},
 address = {New York, NY, USA},
 keywords = {autonomous agent, behavioural economics, confidence information, lab study},
}

@Article{Cramer2008,
author="Cramer, Henriette
and Evers, Vanessa
and Ramlal, Satyan
and van Someren, Maarten
and Rutledge, Lloyd
and Stash, Natalia
and Aroyo, Lora
and Wielinga, Bob",
title="The effects of transparency on trust in and acceptance of a content-based art recommender",
journal="User Modeling and User-Adapted Interaction",
year="2008",
month="Aug",
day="20",
volume="18",
number="5",
pages="455",
issn="1573-1391",
doi="10.1007/s11257-008-9051-3",
url="https://doi.org/10.1007/s11257-008-9051-3"
}

@inproceedings{Eslami:2015:IAA:2702123.2702556,
 author = {Eslami, Motahhare and Rickman, Aimee and Vaccaro, Kristen and Aleyasen, Amirhossein and Vuong, Andy and Karahalios, Karrie and Hamilton, Kevin and Sandvig, Christian},
 title = {"I Always Assumed That I Wasn'T Really That Close to [Her]": Reasoning About Invisible Algorithms in News Feeds},
 booktitle = {Proceedings of the 33rd Annual ACM Conference on Human Factors in Computing Systems},
 series = {CHI '15},
 year = {2015},
 isbn = {978-1-4503-3145-6},
 location = {Seoul, Republic of Korea},
 pages = {153--162},
 numpages = {10},
 url = {http://doi.acm.org/10.1145/2702123.2702556},
 doi = {10.1145/2702123.2702556},
 acmid = {2702556},
 publisher = {ACM},
 address = {New York, NY, USA},
 keywords = {algorithm awareness, algorithms, hidden processes, news feeds},
} 

@article{邸丹2016手持式舌象仪的研制,
  title={手持式舌象仪的研制},
  author={邸丹 and 周敏 and 周会林 and 秦鹏飞 and 朱巍},
  journal={上海中医药杂志},
  number={2},
  pages={12-14},
  year={2016},
}

@article{李丹溪2017舌诊仪的发展及其在舌诊客观化研究中的应用现状,
  title={舌诊仪的发展及其在舌诊客观化研究中的应用现状},
  author={李丹溪 and 关静 and 李峰 and LiDanxi and GuanJing and LiFeng},
  journal={世界中医药},
  volume={12},
  number={2},
  pages={456-460},
  year={2017},
}

@article{牛婷婷2017脉诊仪,
  title={脉诊仪：中医“切”诊的现代技术},
  author={牛婷婷},
  journal={现代中医药：北京},
  number={4},
  pages={70},
  year={2017},
}

@article{高春芳2013电子病历系统应用现状及前景展望,
  title={电子病历系统应用现状及前景展望},
  author={高春芳 and 唐晓东 and 罗娟},
  journal={医疗卫生装备},
  volume={34},
  number={3},
  pages={76-78},
  year={2013},
}

@article{张安平2018医院信息管理系统的电子病历和医学影像系统分析,
  title={医院信息管理系统的电子病历和医学影像系统分析},
  author={张安平},
  journal={信息系统工程},
  volume={No.292},
  number={4},
  pages={53},
  year={2018},
}

@article{虞正红2018医护合作静脉血栓栓塞管理信息化平台的设计与应用,
  title={医护合作静脉血栓栓塞管理信息化平台的设计与应用},
  author={虞正红 and 张琦 and 徐建鸣 and 杨春},
  journal={中国护理管理},
  volume={18},
  number={3},
  pages={387-390},
  year={2018},
}

@article{中国人健康大数据,
  title={《中国人健康大数据》出炉 数据显示:每年因过劳死亡的人数达60万 年轻白领巨多},
  author={胡琦},
  journal={吉林医学信息},
  number={1},
  pages={18-19},
  year={2015},
}


@inproceedings{王琦20099,
  title={9种基本中医体质类型的分类及其诊断表述依据},
  author={王琦},
  booktitle={中医药优秀论文选（上）},
  year={2009},
}


% 西医面诊理论
@article{艾英1998黄疸病人面部色泽定量实验研究,
  title={黄疸病人面部色泽定量实验研究},
  author={艾英},
  journal={中国医药学报},
  volume={13},
  number={5},
  pages={71--72},
  year={1998}
}

@article{杨宏志2007慢性乙型肝炎肝硬化中医面部五色诊断与临床病理的相关性研究,
  title={慢性乙型肝炎肝硬化中医面部五色诊断与临床病理的相关性研究},
  author={杨宏志 and 黄雪兰 and 王拥泽 and 关卫兵 and 杨跃武 and 戴敏 and 谢和平},
  journal={中华实验和临床感染病杂志 (电子版)},
  number={2},
  pages={86--89},
  year={2007}
}

% xai
@inproceedings{wang2019designing,
  title={Designing Theory-Driven User-Centric Explainable AI},
  author={Wang, Danding and Yang, Qian and Abdul, Ashraf and Lim, Brian Y},
  booktitle={Proceedings of the 2019 CHI Conference on Human Factors in Computing Systems},
  pages={601},
  year={2019},
  organization={ACM}
}

@inproceedings{lim2009and,
  title={Why and why not explanations improve the intelligibility of context-aware intelligent systems},
  author={Lim, Brian Y and Dey, Anind K and Avrahami, Daniel},
  booktitle={Proceedings of the SIGCHI Conference on Human Factors in Computing Systems},
  pages={2119--2128},
  year={2009},
  organization={ACM}
}

@inproceedings{kocielnik2019will,
  title={Will You Accept an Imperfect AI?: Exploring Designs for Adjusting End-user Expectations of AI Systems},
  author={Kocielnik, Rafal and Amershi, Saleema and Bennett, Paul N},
  booktitle={Proceedings of the 2019 CHI Conference on Human Factors in Computing Systems},
  pages={411},
  year={2019},
  organization={ACM}
}

@misc{atick2000continuous,
  title={Continuous video monitoring using face recognition for access control},
  author={Atick, Joseph J and Griffin, Paul A and Redlich, A Norman},
  year={2000},
  month=aug # "~29",
  publisher={Google Patents},
  note={US Patent 6,111,517}
}

@incollection{surekha2017attendance,
  title={Attendance recording system using partial face recognition algorithm},
  author={Surekha, Borra and Nazare, Kanchan Jayant and Raju, S Viswanadha and Dey, Nilanjan},
  booktitle={Intelligent techniques in signal processing for multimedia security},
  pages={293--319},
  year={2017},
  publisher={Springer}
}

@article{liu2005ibotguard,
  title={iBotGuard: an Internet-based intelligent robot security system using invariant face recognition against intruder},
  author={Liu, James NK and Wang, Meng and Feng, Bo},
  journal={IEEE Transactions on Systems, Man, and Cybernetics, Part C (Applications and Reviews)},
  volume={35},
  number={1},
  pages={97--105},
  year={2005},
  publisher={IEEE}
}

@inproceedings{he2015delving,
  title={Delving deep into rectifiers: Surpassing human-level performance on imagenet classification},
  author={He, Kaiming and Zhang, Xiangyu and Ren, Shaoqing and Sun, Jian},
  booktitle={Proceedings of the IEEE international conference on computer vision},
  pages={1026--1034},
  year={2015}
}

@article{杨淑芳2002伤寒六经辨证初探,
  title={伤寒六经辨证初探},
  author={杨淑芳 and 杨文明},
  journal={中医研究},
  volume={15},
  number={5},
  pages={8--9},
  year={2002}
}

@inproceedings{李雪2016,
  title={"云中医智能镜"在社区中的应用研究},
  author={李雪 and 张伟妃 and 王健英 and 孙祝美 and 张磊 and 李福凤},
  booktitle={中华中医药学会健康管理分会成立大会暨健康管理学术论坛},
  year={2016},
}

@misc{钱鹏基于云中医的健康监测方法及系统,
  title={基于云中医的健康监测方法及系统},
  author={钱鹏 and 李福凤 and 张宏凯 and 张伟妃 and 李雪},
}

@article{patel2014development,
  title={Development of a student attendance management system using rfid and face recognition: A review},
  author={Patel, Unnati A and Priya, Swaminarayan},
  journal={International Journal of Advance Research in Computer Science and Management Studies},
  volume={2},
  number={8},
  pages={109--119},
  year={2014}
}

% 定性研究
%% 介绍定性研究的书
@article{Hammond2012Interpreting,
  title={Interpreting qualitative data (4th Ed.) by D. Silverman},
  author={Hammond, Chad},
  journal={British Journal of Psychology},
  volume={103},
  year={2012},
}

@article{DiciccoThe,
  title={The qualitative research interview},
  author={Dicicco-Bloom, Barbara and Benjamin F Crabtree},
  journal={Medical Education},
  volume={40},
  number={4},
  pages={314-321},
}

@article{崔岩2011统计分析中的定量与定性研究,
  title={统计分析中的定量与定性研究},
  author={崔岩},
  journal={现代经济信息},
  number={11},
  pages={106-107},
  year={2011},
}

@book{李晓凤2006质性研究方法,
  title={质性研究方法},
  author={李晓凤 and 余双好},
  year={2006},
}

@article{SchwandtQualitative,
  title={Qualitative data analysis: An expanded sourcebook: edited by Matthew B. Miles and A. Michael Huberman. Thousand oaks, Calif.: Sage, 1994},
  author={Schwandt, Thomas A.},
  volume={19},
  number={1},
  pages={106-107},
}